@inproceedings{xdp-paper,
  author = {Toke Høiland-Jørgensen and Jesper Dangaard Brouer and Daniel Borkmann and John Fastabend and Tom Herbert and David Ahern and David Miller},
  title = {{The eXpress Data Path: Fast Programmable Packet Processing in the Operating System Kernel}},
  booktitle = {{CoNEXT '18: International Conference on emerging Networking EXperiments and Technologies}},
  year = 2018,
  month = Dec
}

@Conference{cloudflare-ddos,
	url = {https://netdevconf.org/2.1/session.html?bertin},
	booktitle = {NetDev 2.1 - The Technical Conference on Linux Networking},
	year = {2017},
	title = {XDP in practice: integrating XDP in our DDoS mitigation pipeline},
	author = {Gilberto Bertin}
}
@misc{katran,
	url = {https://github.com/facebookincubator/katran},
	year = {2018},
	title = {Katran source code repository},
	author = {Facebook}
}

@misc{suricata,
url={https://suricata.readthedocs.io/en/latest/capture-hardware/ebpf-xdp.html},
title={Suricata - {eBPF} and {XDP}},
author={Suricata authors},
year={2018}
}

@misc{ovs-xdp,
url={https://mail.openvswitch.org/pipermail/ovs-dev/2018-August/351295.html},
title={[ovs-dev] {AF\_XDP} support for {OVS}},
author={William Tu},
year={2018}
}

@misc{dpdk-xdp,
url={http://mails.dpdk.org/archives/dev/2018-February/091502.html},
title={[dpdk-dev] {PMD} driver for {AF\_XDP}},
author={Qi Zhang},
year={2018}
}



@inproceedings{facebook-lessons,
  author = {Nikita V. Shirokov},
  title = {{XDP} 1.5 years in production. Evolution and lessons learned},
  booktitle = {Linux Plumbers Conference 2018 Networking Track},
  year = 2018,
}
@inproceedings{facebook-firewall,
  author = {Anant Deepak and Richard Huang and Puneet Mehra},
  title = {{eBPF / XDP} based firewall and packet filtering},
  booktitle = {Linux Plumbers Conference 2018 Networking Track},
  year = 2018,
}
@inproceedings{ahern-routing,
  author = {David Ahern},
  title = {Leveraging Kernel Tables with {XDP}},
  booktitle = {Linux Plumbers Conference 2018 Networking Track},
  year = 2018,
}
@inproceedings{xdp-metadata,
  author = {P.J. Waskiewicz and Neerav Parikh},
  title = {{XDP} acceleration using {NIC} metadata, continued},
  booktitle = {Linux Plumbers Conference 2018 Networking Track},
  year = 2018,
}
@inproceedings{xdp-p4,
  author = {William Tu and Fabian Ruffy and Mihai Budiu},
  title = {{P4C-XDP: Programming the Linux Kernel Forwarding Plane using P4}},
  booktitle = {Linux Plumbers Conference 2018 Networking Track},
  year = 2018,
}
@inproceedings{af-xdp,
  author = {Magnus Karlsson and Björn Töpel},
  title = {The Path to {DPDK} Speeds for {AF\_XDP}},
  booktitle = {Linux Plumbers Conference 2018 Networking Track},
  year = 2018,
}
@inproceedings{xdp-ovs,
  author = {William Tu and Joe Stringer and Yifeng Sun and Yi-Hung Wei},
  title = {Bringing The Power of {eBPF} to {Open vSwitch}},
  booktitle = {Linux Plumbers Conference 2018 Networking Track},
  year = 2018,
}

@inproceedings{NDP,
 author = {Handley, Mark and Raiciu, Costin and Agache, Alexandru and Voinescu, Andrei and Moore, Andrew W. and Antichi, Gianni and W\'{o}jcik, Marcin},
 title = {Re-architecting Datacenter Networks and Stacks for Low Latency and High Performance},
 booktitle = {Proceedings of the Conference of the ACM Special Interest Group on Data Communication},
 series = {SIGCOMM '17},
 year = {2017},
 isbn = {978-1-4503-4653-5},
 location = {Los Angeles, CA, USA},
 pages = {29--42},
 numpages = {14},
 url = {http://doi.acm.org/10.1145/3098822.3098825},
 doi = {10.1145/3098822.3098825},
 acmid = {3098825},
 publisher = {ACM},
 address = {New York, NY, USA},
 keywords = {Datacenters, Network Stacks, Transport Protocols},
}
